<?xml version='1.0' encoding='UTF-8'?>
<record xmlns="http://www.loc.gov/MARC21/slim">
  <leader>02011cam a2200421Ma 4500</leader>
  <controlfield tag="001">1323680</controlfield>
  <controlfield tag="003">NjP</controlfield>
  <controlfield tag="005">20170605130316.0</controlfield>
  <controlfield tag="008">871007q19741975ir            000 0 araod</controlfield>
  <datafield tag="024" ind1="7" ind2=" ">
    <subfield code="a">princeton_aco001966</subfield>
    <subfield code="2">local</subfield>
  </datafield>
  <datafield ind1=" " ind2=" " tag="035">
    <subfield code="a">(OCoLC)ocn177103860</subfield>
  </datafield>
  <datafield ind1=" " ind2=" " tag="035">
    <subfield code="a">(OCoLC)ocm23488721</subfield>
  </datafield>
  <datafield ind1=" " ind2=" " tag="040">
    <subfield code="a">EYM</subfield>
    <subfield code="c">PUL</subfield>
    <subfield code="d">PUL</subfield>
  </datafield>
  <datafield ind1=" " ind2=" " tag="035">
    <subfield code="a">(OCoLC)177103860</subfield>
  </datafield>
  <datafield ind1=" " ind2=" " tag="035">
    <subfield code="9">CDW6808TS</subfield>
  </datafield>
  <datafield ind1=" " ind2=" " tag="035">
    <subfield code="a">(NjP)1323680</subfield>
  </datafield>
  <datafield ind1="0" ind2=" " tag="041">
    <subfield code="a">araper</subfield>
  </datafield>
  <datafield ind1=" " ind2="4" tag="050">
    <subfield code="a">HJ2351</subfield>
    <subfield code="b">.Q22</subfield>
  </datafield>
  <datafield ind1=" " ind2=" " tag="079">
    <subfield code="a">ocm23488721</subfield>
  </datafield>
  <datafield ind1=" " ind2=" " tag="049">
    <subfield code="a">PULL</subfield>
  </datafield>
  <datafield ind1="0" ind2=" " tag="100">
    <subfield code="6">880-01</subfield>
    <subfield code="a">Qudāmah ibn Jaʻfar,</subfield>
    <subfield code="d">-922?</subfield>
    <subfield code="0">http://id.loc.gov/authorities/names/n82220479</subfield>
  </datafield>
  <datafield ind1="1" ind2="0" tag="245">
    <subfield code="6">880-02</subfield>
    <subfield code="a">Kitāb al-kharāj va ṣanʻat al-kitabah /</subfield>
    <subfield code="c">li-Abī al-Faraj Qudāmah ibn Jaʻfar ; ḥaqqaqahu wa qaddama lahu Ḥusayn Khadīvjam.</subfield>
  </datafield>
  <datafield ind1=" " ind2=" " tag="260">
    <subfield code="6">880-03</subfield>
    <subfield code="a">[Tehran] :</subfield>
    <subfield code="b">Intishārāt-i Bunyād-i Farhang-i Īrān,</subfield>
    <subfield code="c">1353 [1974 or 1975]</subfield>
  </datafield>
  <datafield ind1=" " ind2=" " tag="300">
    <subfield code="a">65, 84 p., [2] p. of plates ;</subfield>
    <subfield code="c">24 cm.</subfield>
  </datafield>
  <datafield ind1=" " ind2="0" tag="440">
    <subfield code="6">880-04</subfield>
    <subfield code="a">Manābiʻ-i tārīkh va jughrāfiyā-yi Īrān.</subfield>
    <subfield code="v">63</subfield>
  </datafield>
  <datafield ind1=" " ind2="0" tag="440">
    <subfield code="6">880-05</subfield>
    <subfield code="a">Intishārāt-i Bunyād-i Farhang-i Īrān.</subfield>
    <subfield code="v">187</subfield>
  </datafield>
  <datafield ind1=" " ind2="0" tag="650">
    <subfield code="a">Taxation</subfield>
    <subfield code="z">Islamic countries</subfield>
    <subfield code="0">http://id.loc.gov/authorities/subjects/sh85132860</subfield>
  </datafield>
  <datafield ind1=" " ind2="0" tag="650">
    <subfield code="a">Taxation (Islamic law)</subfield>
    <subfield code="0">http://id.loc.gov/authorities/subjects/sh85132872</subfield>
  </datafield>
  <datafield ind1=" " ind2="0" tag="650">
    <subfield code="a">Land value taxation (Islamic law)</subfield>
    <subfield code="0">http://id.loc.gov/authorities/subjects/sh85074358</subfield>
  </datafield>
  <datafield ind1="1" ind2=" " tag="700">
    <subfield code="6">880-06</subfield>
    <subfield code="a">Khadīvjam, Ḥusayn.</subfield>
  </datafield>
  <datafield ind1="0" ind2=" " tag="880">
    <subfield code="6">100-01/r</subfield>
    <subfield code="a">قدامة بن جعفر،</subfield>
    <subfield code="d">d. 922؟</subfield>
  </datafield>
  <datafield ind1="1" ind2="0" tag="880">
    <subfield code="6">245-02/r</subfield>
    <subfield code="a">كتاب الخراج ڤ صنعة الكتبة /</subfield>
    <subfield code="c">لابي الفرج قدامة بن جعفر ؛ حققه و قدم له حسين خديڤجم.</subfield>
  </datafield>
  <datafield ind1=" " ind2=" " tag="880">
    <subfield code="6">260-03/r</subfield>
    <subfield code="a">[طهران] :</subfield>
    <subfield code="b">انتشاراتا بنيادا فرهنگا ايران،</subfield>
    <subfield code="c">1353 [1974 or 1975]</subfield>
  </datafield>
  <datafield ind1=" " ind2="0" tag="880">
    <subfield code="6">440-04/r</subfield>
    <subfield code="a">منابعا تاريخ ڤ جغرافياي ايران.</subfield>
    <subfield code="v">63</subfield>
  </datafield>
  <datafield ind1=" " ind2="0" tag="880">
    <subfield code="6">440-05/r</subfield>
    <subfield code="a">انتشاراتا بنيادا فرهنگا ايران.</subfield>
    <subfield code="v">187</subfield>
  </datafield>
  <datafield ind1="1" ind2=" " tag="880">
    <subfield code="6">700-06/r</subfield>
    <subfield code="a">خديڤجم، حسين.</subfield>
  </datafield>
  <datafield ind1=" " ind2=" " tag="947">
    <subfield code="a">CDW6808</subfield>
  </datafield>
  <datafield ind1=" " ind2=" " tag="911">
    <subfield code="a">20000220</subfield>
  </datafield>
  <datafield ind1=" " ind2=" " tag="994">
    <subfield code="a">C0</subfield>
    <subfield code="b">PUL</subfield>
  </datafield>
  <datafield ind1=" " ind2=" " tag="999">
    <subfield code="a">1323680</subfield>
  </datafield>
  <datafield ind1="0" ind2="0" tag="852">
    <subfield code="0">1519724</subfield>
    <subfield code="b">nec</subfield>
    <subfield code="t">0</subfield>
    <subfield code="h">HJ3018</subfield>
    <subfield code="i">.Q336 1974</subfield>
  </datafield>
  <datafield ind1=" " ind2=" " tag="959">
    <subfield code="a">2000-06-13 00:00:00 -0400</subfield>
  </datafield>
</record>
